@manual{jdrp-starwars,
      title = "Star Wars Redemption",
      author = "Marthym",
      url = "https://github.com/Marthym/jdrp-sw-redemption",
      year = "2017",
      version = "1.1.1"
}

@online{website:latex-swr-class,
      title = "Starwars Holonet",
      year = "2016",
      url = "http://www.starwars-holonet.com"
}